@Book{Bishop2006,
    ISBN = {978-0-387-31073-2},
    Author = {Bishop, Christopher M.\},
    Title = {Pattern Recognition and Machine Learning},
    Publisher = {Springer},
    Year = {2006}
}

@article{Kingma2014,
    author  = "Kingma, Diederik P. and Welling, Max",
    title   = "Auto-Encoding Variational Bayes",
    year    = "2014",
    journal = "stat.ML",
    volume  = "14",
    number  = "3",
    pages   = "342--351"
}